@MISC{Kuhn09thecaret,
    author = "Max Kuhn",
    title = "The caret Package",
    year = "2009"
}

@MISC{textstat,
  author="Shivam Bansal, Chaitanya Aggarwal",
  title="TextStat Python package",
  year="2011"
}

@article{mclaughlin2008smog,
  title={SMOG: Simple measure of gobbledygook},
  author={McLaughlin, GH},
  journal={Retreived from: http://www. harrymclaughlin. com/SMOG. htm},
  year={2008}
}

@misc{wikipedia_2018, 
title={Flesch–Kincaid readability tests}, 
url={https://en.wikipedia.org/wiki/Flesch–Kincaid_readability_tests}, 
journal={Wikipedia}, 
publisher={Wikimedia Foundation}, 
year={2018}, 
month={May}}

@techreport{senter1967automated,
  title={Automated readability index},
  author={Senter, RJ and Smith, Edgar A},
  year={1967},
  institution={CINCINNATI UNIV OH}
}

@MISC{e1071,
  author="David Meyer",
  title="e1071 R package",
  year="2017"
}

@book{MLbook, 
  title ={A Introduction to statistical Learning: with Applications in R},
  author = {Gareth James, Daniela Witten, Tervor Hastie, Robert Tibshirani},
  year = {2013},
  publisher = {Springer}, 
  doi = {10.1007/978-1-4614-7138-7},
  title ="A Introduction to statistical Learning: with Applications in R",
  author = "Gareth James, Daniela Witten, Tervor Hastie, Robert Tibshirani",
  year = "2013",
  publisher = "Springer", 
  doi = "10.1007/978-1-4614-7138-7"
}

@MISC{rpart, 
  author = "Terry M. Therneau, Beth Atkinson, Brian Ripley", 
  title = "rpart: Recursive Partitioning",
  year = "2011"
}

@MISC{AFINN,
    author = "Finn Årup Nielsen",
    title = "AFINN",
    year = "2011"
}

@MISC{stringr,
    author = "Hadley Wickham",
    title = "Package 'stringr'",
    year = "2018"
}

@MISC{ROCR,
    author = "Tobias Sing, Oliver Sander, Niko Beerenwinkel, Thomas Lengauer",
    title = "Package 'ROCR'",
    year = "2015"
}

@MISC{BeautifulSoup,
    author = "Vivek Chandola",
    title = "BeautifulSoup Python package",
    year = "2004"
}

@MISC{nltk,
    author = "Bird, Steven, Edward Loper and Ewan Klein",
    title = "Natural Language Processing with Python. O'Reilly Media Inc",
    year = "2001"
}